
@article{ ISI:000319140500009,
Author = {Freudenberger, Lisa and Hobson, Peter and Schluck, Martin and Kreft,
   Stefan and Vohland, Katrin and Sommer, Henning and Reichle, Steffen and
   Nowicki, Christoph and Barthlott, Wilhelm and Ibisch, Pierre L.},
Title = {{Nature conservation: priority-setting needs a global change}},
Journal = {{BIODIVERSITY AND CONSERVATION}},
Year = {{2013}},
Volume = {{22}},
Number = {{5, SI}},
Pages = {{1255-1281}},
Month = {{MAY}},
DOI = {{10.1007/s10531-012-0428-6}},
ISSN = {{0960-3115}},
Times-Cited = {{1}},
Unique-ID = {{ISI:000319140500009}},
}

@article{ ISI:000316115800005,
Author = {Elbakidze, Marine and Andersson, Kjell and Angelstam, Per and Armstrong,
   Glen W. and Axelsson, Robert and Doyon, Frederik and Hermansson, Martin
   and Jacobsson, Jonas and Pautov, Yurij},
Title = {{Sustained Yield Forestry in Sweden and Russia: How Does it Correspond to
   Sustainable Forest Management Policy?}},
Journal = {{AMBIO}},
Year = {{2013}},
Volume = {{42}},
Number = {{2, SI}},
Pages = {{160-173}},
Month = {{MAR}},
DOI = {{10.1007/s13280-012-0370-6}},
ISSN = {{0044-7447}},
Times-Cited = {{4}},
Unique-ID = {{ISI:000316115800005}},
}

@article{ ISI:000315404100003,
Author = {Hamann, Andreas and Aitken, Sally N.},
Title = {{Conservation planning under climate change: accounting for adaptive
   potential and migration capacity in species distribution models}},
Journal = {{DIVERSITY AND DISTRIBUTIONS}},
Year = {{2013}},
Volume = {{19}},
Number = {{3}},
Pages = {{268-280}},
Month = {{MAR}},
DOI = {{10.1111/j.1472-4642.2012.00945.x}},
ISSN = {{1366-9516}},
Times-Cited = {{0}},
Unique-ID = {{ISI:000315404100003}},
}

@article{ ISI:000313621300006,
Author = {Andersson, Kjell and Angelstam, Per and Elbakidze, Marine and Axelsson,
   Robert and Degerman, Erik},
Title = {{Green infrastructures and intensive forestry: Need and opportunity for
   spatial planning in a Swedish rural-urban gradient}},
Journal = {{SCANDINAVIAN JOURNAL OF FOREST RESEARCH}},
Year = {{2013}},
Volume = {{28}},
Number = {{2}},
Pages = {{143-165}},
Month = {{MAR 1}},
DOI = {{10.1080/02827581.2012.723740}},
ISSN = {{0282-7581}},
Times-Cited = {{6}},
Unique-ID = {{ISI:000313621300006}},
}

@article{ ISI:000314240500003,
Author = {Powers, Ryan P. and Coops, Nicholas C. and Morgan, Jessica L. and
   Wulder, Michael A. and Nelson, Trisalyn A. and Drever, Charles R. and
   Cumming, Steven G.},
Title = {{A remote sensing approach to biodiversity assessment and regionalization
   of the Canadian boreal forest}},
Journal = {{PROGRESS IN PHYSICAL GEOGRAPHY}},
Year = {{2013}},
Volume = {{37}},
Number = {{1}},
Pages = {{36-62}},
Month = {{FEB}},
DOI = {{10.1177/0309133312457405}},
ISSN = {{0309-1333}},
Times-Cited = {{0}},
Unique-ID = {{ISI:000314240500003}},
}

@article{ ISI:000316651200005,
Author = {Santangeli, Andrea and Hanski, Ilpo K. and Makela, Helena},
Title = {{Integrating multi-source forest inventory and animal survey data to
   assess nationwide distribution and habitat correlates of the Siberian
   flying squirrel}},
Journal = {{BIOLOGICAL CONSERVATION}},
Year = {{2013}},
Volume = {{157}},
Pages = {{31-38}},
Month = {{JAN}},
DOI = {{10.1016/j.biocon.2012.06.027}},
ISSN = {{0006-3207}},
Times-Cited = {{0}},
Unique-ID = {{ISI:000316651200005}},
}

@article{ ISI:000311072300013,
Author = {Lohmus, Piret and Leppik, Ede and Motiejunaite, Jurga and Suija, Ave and
   Lohmus, Asko},
Title = {{Old selectively cut forests can host rich lichen communities - lessons
   from an exhaustive field survey}},
Journal = {{NOVA HEDWIGIA}},
Year = {{2012}},
Volume = {{95}},
Number = {{3-4}},
Pages = {{493-515}},
Month = {{NOV}},
DOI = {{10.1127/0029-5035/2012/0064}},
ISSN = {{0029-5035}},
Times-Cited = {{2}},
Unique-ID = {{ISI:000311072300013}},
}

@article{ ISI:000311069800003,
Author = {Schoene, Dieter H. F. and Bernier, Pierre Y.},
Title = {{Adapting forestry and forests to climate change: A challenge to change
   the paradigm}},
Journal = {{FOREST POLICY AND ECONOMICS}},
Year = {{2012}},
Volume = {{24}},
Number = {{SI}},
Pages = {{12-19}},
Month = {{NOV}},
DOI = {{10.1016/j.forpol.2011.04.007}},
ISSN = {{1389-9341}},
Times-Cited = {{2}},
Unique-ID = {{ISI:000311069800003}},
}

@article{ ISI:000304660500011,
Author = {Moreau, Guillaume and Fortin, Daniel and Couturier, Serge and Duchesne,
   Thierry},
Title = {{Multi-level functional responses for wildlife conservation: the case of
   threatened caribou in managed boreal forests}},
Journal = {{JOURNAL OF APPLIED ECOLOGY}},
Year = {{2012}},
Volume = {{49}},
Number = {{3}},
Pages = {{611-620}},
Month = {{JUN}},
DOI = {{10.1111/j.1365-2664.2012.02134.x}},
ISSN = {{0021-8901}},
Times-Cited = {{1}},
Unique-ID = {{ISI:000304660500011}},
}

@article{ ISI:000301223500004,
Author = {Kouki, Jari and Hyvarinen, Esko and Lappalainen, Harri and Martikainen,
   Petri and Simila, Maarit},
Title = {{Landscape context affects the success of habitat restoration:
   large-scale colonization patterns of saproxylic and fire-associated
   species in boreal forests}},
Journal = {{DIVERSITY AND DISTRIBUTIONS}},
Year = {{2012}},
Volume = {{18}},
Number = {{4}},
Pages = {{348-355}},
Month = {{APR}},
DOI = {{10.1111/j.1472-4642.2011.00839.x}},
ISSN = {{1366-9516}},
ResearcherID-Numbers = {{Kouki, Jari/B-6241-2008}},
Times-Cited = {{5}},
Unique-ID = {{ISI:000301223500004}},
}

@article{ ISI:000208657200001,
Author = {Strengbom, Joachim and Dahlberg, Anders and Larsson, Artur and Lindelow,
   Ake and Sandstrom, Jonas and Widenfalk, Olof and Gustafsson, Lena},
Title = {{Introducing Intensively Managed Spruce Plantations in Swedish Forest
   Landscapes will Impair Biodiversity Decline}},
Journal = {{FORESTS}},
Year = {{2011}},
Volume = {{2}},
Number = {{3}},
Pages = {{610-630}},
Month = {{SEP}},
DOI = {{10.3390/f2030610}},
ISSN = {{1999-4907}},
Times-Cited = {{1}},
Unique-ID = {{ISI:000208657200001}},
}

@article{ ISI:000293970700004,
Author = {Monkkonen, Mikko and Reunanen, Pasi and Kotiaho, Janne S. and Juutinen,
   Artti and Tikkanen, Olli-Pekka and Kouki, Jari},
Title = {{Cost-effective strategies to conserve boreal forest biodiversity and
   long-term landscape-level maintenance of habitats}},
Journal = {{EUROPEAN JOURNAL OF FOREST RESEARCH}},
Year = {{2011}},
Volume = {{130}},
Number = {{5}},
Pages = {{717-727}},
Month = {{SEP}},
DOI = {{10.1007/s10342-010-0461-5}},
ISSN = {{1612-4669}},
ResearcherID-Numbers = {{Kouki, Jari/B-6241-2008}},
Times-Cited = {{2}},
Unique-ID = {{ISI:000293970700004}},
}

@article{ ISI:000305249600006,
Author = {Torontow, Valerie and King, Douglas},
Title = {{Forest complexity modelling and mapping with remote sensing and
   topographic data: a comparison of three methods}},
Journal = {{CANADIAN JOURNAL OF REMOTE SENSING}},
Year = {{2011}},
Volume = {{37}},
Number = {{4}},
Pages = {{387-402}},
Month = {{AUG}},
ISSN = {{1712-7971}},
Times-Cited = {{0}},
Unique-ID = {{ISI:000305249600006}},
}

@article{ ISI:000288032300012,
Author = {Ohman, Karin and Edenius, Lars and Mikusinski, Grzegorz},
Title = {{Optimizing spatial habitat suitability and timber revenue in long-term
   forest planning}},
Journal = {{CANADIAN JOURNAL OF FOREST RESEARCH-REVUE CANADIENNE DE RECHERCHE
   FORESTIERE}},
Year = {{2011}},
Volume = {{41}},
Number = {{3}},
Pages = {{543-551}},
Month = {{MAR}},
DOI = {{10.1139/X10-232}},
ISSN = {{0045-5067}},
Times-Cited = {{4}},
Unique-ID = {{ISI:000288032300012}},
}

@article{ ISI:000288591800021,
Author = {Perhans, Karin and Glode, Dan and Gilbertsson, Jessica and Persson,
   Anette and Gustafsson, Lena},
Title = {{Fine-scale conservation planning outside of reserves: Cost-effective
   selection of retention patches at final harvest}},
Journal = {{ECOLOGICAL ECONOMICS}},
Year = {{2011}},
Volume = {{70}},
Number = {{4}},
Pages = {{771-777}},
Month = {{FEB 15}},
DOI = {{10.1016/j.ecolecon.2010.11.014}},
ISSN = {{0921-8009}},
Times-Cited = {{0}},
Unique-ID = {{ISI:000288591800021}},
}

@article{ ISI:000286000100016,
Author = {Lundstrom, Johanna and Ohman, Karin and Perhans, Karin and Ronnqvist,
   Mikael and Gustafsson, Lena},
Title = {{Cost-effective age structure and geographical distribution of boreal
   forest reserves}},
Journal = {{JOURNAL OF APPLIED ECOLOGY}},
Year = {{2011}},
Volume = {{48}},
Number = {{1}},
Pages = {{133-142}},
Month = {{FEB}},
DOI = {{10.1111/j.1365-2664.2010.01897.x}},
ISSN = {{0021-8901}},
Times-Cited = {{0}},
Unique-ID = {{ISI:000286000100016}},
}

@article{ ISI:000300809800021,
Author = {Angelstam, Per and Andersson, Kjell and Axelsson, Robert and Elbakidze,
   Marine and Jonsson, Bengt Gunnar and Roberge, Jean-Michel},
Title = {{Protecting Forest Areas for Biodiversity in Sweden 1991-2010: the Policy
   Implementation Process and Outcomes on the Ground}},
Journal = {{SILVA FENNICA}},
Year = {{2011}},
Volume = {{45}},
Number = {{5}},
Pages = {{1111-1133}},
ISSN = {{0037-5330}},
ResearcherID-Numbers = {{Roberge, Jean-Michel/C-2953-2008}},
ORCID-Numbers = {{Roberge, Jean-Michel/0000-0003-4149-5137}},
Times-Cited = {{12}},
Unique-ID = {{ISI:000300809800021}},
}

@article{ ISI:000295400300007,
Author = {Stighall, Kristoffer and Roberge, Jean-Michel and Andersson, Kjell and
   Angelstam, Per},
Title = {{Usefulness of biophysical proxy data for modelling habitat of an
   endangered forest species: The white-backed woodpecker Dendrocopos
   leucotos}},
Journal = {{SCANDINAVIAN JOURNAL OF FOREST RESEARCH}},
Year = {{2011}},
Volume = {{26}},
Number = {{6}},
Pages = {{576-585}},
ISSN = {{0282-7581}},
ResearcherID-Numbers = {{Roberge, Jean-Michel/C-2953-2008}},
ORCID-Numbers = {{Roberge, Jean-Michel/0000-0003-4149-5137}},
Times-Cited = {{1}},
Unique-ID = {{ISI:000295400300007}},
}

@article{ ISI:000283502300002,
Author = {Gustafsson, Lena and Perhans, Karin},
Title = {{Biodiversity Conservation in Swedish Forests: Ways Forward for a
   30-Year-Old Multi-Scaled Approach}},
Journal = {{AMBIO}},
Year = {{2010}},
Volume = {{39}},
Number = {{8}},
Pages = {{546-554}},
Month = {{DEC}},
DOI = {{10.1007/s13280-010-0071-y}},
ISSN = {{0044-7447}},
Times-Cited = {{5}},
Unique-ID = {{ISI:000283502300002}},
}

@article{ ISI:000282183500024,
Author = {Lewandowski, Adam S. and Noss, Reed F. and Parsons, David R.},
Title = {{The Effectiveness of Surrogate Taxa for the Representation of
   Biodiversity}},
Journal = {{CONSERVATION BIOLOGY}},
Year = {{2010}},
Volume = {{24}},
Number = {{5}},
Pages = {{1367-1377}},
Month = {{OCT}},
DOI = {{10.1111/j.1523-1739.2010.01513.x}},
ISSN = {{0888-8892}},
Times-Cited = {{16}},
Unique-ID = {{ISI:000282183500024}},
}

@article{ ISI:000283837200014,
Author = {Rompre, Ghislain and Boucher, Yan and Belanger, Louis and Cote, Sylvie
   and Robinson, W. Douglas},
Title = {{Conserving biodiversity in managed forest landscapes: The use of
   critical thresholds for habitat}},
Journal = {{FORESTRY CHRONICLE}},
Year = {{2010}},
Volume = {{86}},
Number = {{5}},
Pages = {{589-596}},
Month = {{SEP-OCT}},
ISSN = {{0015-7546}},
Times-Cited = {{3}},
Unique-ID = {{ISI:000283837200014}},
}

@article{ ISI:000279413800002,
Author = {Schindler, D. W. and Lee, P. G.},
Title = {{Comprehensive conservation planning to protect biodiversity and
   ecosystem services in Canadian boreal regions under a warming climate
   and increasing exploitation}},
Journal = {{BIOLOGICAL CONSERVATION}},
Year = {{2010}},
Volume = {{143}},
Number = {{7}},
Pages = {{1571-1586}},
Month = {{JUL}},
DOI = {{10.1016/j.biocon.2010.04.003}},
ISSN = {{0006-3207}},
ResearcherID-Numbers = {{han, saerom/F-8191-2010}},
Times-Cited = {{10}},
Unique-ID = {{ISI:000279413800002}},
}

@article{ ISI:000277077400011,
Author = {Work, Timothy T. and Jacobs, Joshua M. and Spence, John R. and Volney,
   W. Jan},
Title = {{High levels of green-tree retention are required to preserve ground
   beetle biodiversity in boreal mixedwood forests}},
Journal = {{ECOLOGICAL APPLICATIONS}},
Year = {{2010}},
Volume = {{20}},
Number = {{3}},
Pages = {{741-751}},
Month = {{APR}},
DOI = {{10.1890/08-1463.1}},
ISSN = {{1051-0761}},
Times-Cited = {{16}},
Unique-ID = {{ISI:000277077400011}},
}

@article{ ISI:000275223300004,
Author = {Lommi, Sampsa and Berglund, Hakan and Kuusinen, Mikko and Kuuluvainen,
   Timo},
Title = {{Epiphytic lichen diversity in late-successional Pinus sylvestris forests
   along local and regional forest utilization gradients in eastern boreal
   Fennoscandia}},
Journal = {{FOREST ECOLOGY AND MANAGEMENT}},
Year = {{2010}},
Volume = {{259}},
Number = {{5}},
Pages = {{883-892}},
Month = {{FEB 20}},
DOI = {{10.1016/j.foreco.2009.11.028}},
ISSN = {{0378-1127}},
Times-Cited = {{5}},
Unique-ID = {{ISI:000275223300004}},
}

@article{ ISI:000274144800011,
Author = {Constible, J. M. and Gregory, P. T. and Larsen, K. W.},
Title = {{The pitfalls of extrapolation in conservation: movements and habitat use
   of a threatened toad are different in the boreal forest}},
Journal = {{ANIMAL CONSERVATION}},
Year = {{2010}},
Volume = {{13}},
Number = {{1}},
Pages = {{43-52}},
Month = {{JAN}},
DOI = {{10.1111/j.1469-1795.2009.00291.x}},
ISSN = {{1367-9430}},
Times-Cited = {{0}},
Unique-ID = {{ISI:000274144800011}},
}

@article{ ISI:000273723100005,
Author = {Ellis, Christopher J. and Coppins, Brian J.},
Title = {{Integrating multiple landscape-scale drivers in the lichen epiphyte
   response: climatic setting, pollution regime and woodland
   spatial-temporal structure}},
Journal = {{DIVERSITY AND DISTRIBUTIONS}},
Year = {{2010}},
Volume = {{16}},
Number = {{1}},
Pages = {{43-52}},
Month = {{JAN}},
DOI = {{10.1111/j.1472-4642.2009.00624.x}},
ISSN = {{1366-9516}},
Times-Cited = {{16}},
Unique-ID = {{ISI:000273723100005}},
}

@article{ ISI:000274804500016,
Author = {Hesselink, Trevor P.},
Title = {{Increasing pressures to use forest biomass: A conservation viewpoint}},
Journal = {{FORESTRY CHRONICLE}},
Year = {{2010}},
Volume = {{86}},
Number = {{1}},
Pages = {{28-35}},
Month = {{JAN-FEB}},
ISSN = {{0015-7546}},
Times-Cited = {{8}},
Unique-ID = {{ISI:000274804500016}},
}

@article{ ISI:000272573200006,
Author = {Honkanen, Merja and Roberge, Jean-Michel and Rajasarkka, Ari and
   Monkkonen, Mikko},
Title = {{Disentangling the effects of area, energy and habitat heterogeneity on
   boreal forest bird species richness in protected areas}},
Journal = {{GLOBAL ECOLOGY AND BIOGEOGRAPHY}},
Year = {{2010}},
Volume = {{19}},
Number = {{1}},
Pages = {{61-71}},
Month = {{JAN}},
DOI = {{10.1111/j.1466-8238.2009.00491.x}},
ISSN = {{1466-822X}},
ResearcherID-Numbers = {{Monkkonen, Mikko/A-2821-2011
   Roberge, Jean-Michel/C-2953-2008}},
ORCID-Numbers = {{Roberge, Jean-Michel/0000-0003-4149-5137}},
Times-Cited = {{19}},
Unique-ID = {{ISI:000272573200006}},
}

@article{ ISI:000279221600007,
Author = {Djupstrom, Line B. and Perhans, Karin and Weslien, Jan and Schroeder, L.
   Martin and Gustafsson, Lena and Wikberg, Sofie},
Title = {{Co-variation of lichens, bryophytes, saproxylic beetles and dead wood in
   Swedish boreal forests}},
Journal = {{SYSTEMATICS AND BIODIVERSITY}},
Year = {{2010}},
Volume = {{8}},
Number = {{2}},
Pages = {{247-256}},
DOI = {{10.1080/14772001003786022}},
ISSN = {{1477-2000}},
Times-Cited = {{0}},
Unique-ID = {{ISI:000279221600007}},
}

@article{ ISI:000273140300015,
Author = {Villard, Marc-Andre and Jonsson, Bengt Gunnar},
Title = {{Tolerance of focal species to forest management intensity as a guide in
   the development of conservation targets}},
Journal = {{FOREST ECOLOGY AND MANAGEMENT}},
Year = {{2009}},
Volume = {{258}},
Pages = {{S142-S145}},
Month = {{DEC 14}},
Note = {{Conference on Biodiversity in Forest Ecosystems and Landscapes, Thompson
   Rivers Univ, Kamloops, CANADA, AUG, 2008}},
DOI = {{10.1016/j.foreco.2009.08.034}},
ISSN = {{0378-1127}},
Times-Cited = {{4}},
Unique-ID = {{ISI:000273140300015}},
}

@article{ ISI:000269802200015,
Author = {Berglund, Hakan and O'Hara, Robert B. and Jonsson, Bengt Gunnar},
Title = {{Quantifying Habitat Requirements of Tree-Living Species in Fragmented
   Boreal Forests with Bayesian Methods}},
Journal = {{CONSERVATION BIOLOGY}},
Year = {{2009}},
Volume = {{23}},
Number = {{5}},
Pages = {{1127-1137}},
Month = {{OCT}},
DOI = {{10.1111/j.1523-1739.2009.01209.x}},
ISSN = {{0888-8892}},
ResearcherID-Numbers = {{O'Hara, Robert/A-7499-2008}},
ORCID-Numbers = {{O'Hara, Robert/0000-0001-9737-3724}},
Times-Cited = {{7}},
Unique-ID = {{ISI:000269802200015}},
}

@article{ ISI:000269264300012,
Author = {Tikkanen, Olli-Pekka and Punttila, Pekka and Heikkila, Raimo},
Title = {{Species-area relationships of red-listed species in old boreal forests:
   a large-scale data analysis}},
Journal = {{DIVERSITY AND DISTRIBUTIONS}},
Year = {{2009}},
Volume = {{15}},
Number = {{5}},
Pages = {{852-862}},
Month = {{SEP}},
DOI = {{10.1111/j.1472-4642.2009.00590.x}},
ISSN = {{1366-9516}},
Times-Cited = {{3}},
Unique-ID = {{ISI:000269264300012}},
}

@article{ ISI:000268623400018,
Author = {Stachura-Skierczynska, Krystyna and Tumiel, Tomasz and Skierczynski,
   Michal},
Title = {{Habitat prediction model for three-toed woodpecker and its implications
   for the conservation of biologically valuable forests}},
Journal = {{FOREST ECOLOGY AND MANAGEMENT}},
Year = {{2009}},
Volume = {{258}},
Number = {{5}},
Pages = {{697-703}},
Month = {{AUG 20}},
DOI = {{10.1016/j.foreco.2009.05.007}},
ISSN = {{0378-1127}},
Times-Cited = {{5}},
Unique-ID = {{ISI:000268623400018}},
}

@article{ ISI:000263817900013,
Author = {Rayfield, Bronwyn and Moilanen, Atte and Fortin, Marie-Josee},
Title = {{Incorporating consumer-resource spatial interactions in reserve design}},
Journal = {{ECOLOGICAL MODELLING}},
Year = {{2009}},
Volume = {{220}},
Number = {{5}},
Pages = {{725-733}},
Month = {{MAR 10}},
DOI = {{10.1016/j.ecolmodel.2008.11.016}},
ISSN = {{0304-3800}},
ResearcherID-Numbers = {{Moilanen, Atte/A-5005-2011}},
Times-Cited = {{20}},
Unique-ID = {{ISI:000263817900013}},
}

@article{ ISI:000263742500015,
Author = {Wikberg, Sofie and Perhans, Karin and Kindstrand, Claes and Djupstrom,
   Line Boberg and Boman, Mattias and Mattsson, Leif and Schroeder, Leif
   Martin and Weslien, Jan and Gustafsson, Lena},
Title = {{Cost-effectiveness of conservation strategies implemented in boreal
   forests: The area selection process}},
Journal = {{BIOLOGICAL CONSERVATION}},
Year = {{2009}},
Volume = {{142}},
Number = {{3}},
Pages = {{614-624}},
Month = {{MAR}},
DOI = {{10.1016/j.biocon.2008.11.014}},
ISSN = {{0006-3207}},
Times-Cited = {{11}},
Unique-ID = {{ISI:000263742500015}},
}

@incollection{ ISI:000313966600007,
Author = {Roberge, Jean-Michel and Angelstam, Per},
Editor = {{Villard, MA and Jonsson, BG}},
Title = {{Selecting species to be used as tools in the development of forest
   conservation targets}},
Booktitle = {{SETTING CONSERVATION TARGETS FOR MANAGED FOREST LANDSCAPES}},
Series = {{Conservation Biology Series}},
Year = {{2009}},
Number = {{16}},
Pages = {{109-128}},
ISSN = {{1363-3090}},
ISBN = {{978-0-521-87709-1}},
ResearcherID-Numbers = {{Roberge, Jean-Michel/C-2953-2008}},
ORCID-Numbers = {{Roberge, Jean-Michel/0000-0003-4149-5137}},
Times-Cited = {{3}},
Unique-ID = {{ISI:000313966600007}},
}

@article{ ISI:000261574900011,
Author = {Berglund, Hakan and Jonsson, Bengt Gunnar},
Title = {{Assessing the extinction vulnerability of wood-inhabiting fungal species
   in fragmented northern Swedish boreal forests}},
Journal = {{BIOLOGICAL CONSERVATION}},
Year = {{2008}},
Volume = {{141}},
Number = {{12}},
Pages = {{3029-3039}},
Month = {{DEC}},
DOI = {{10.1016/j.biocon.2008.09.007}},
ISSN = {{0006-3207}},
Times-Cited = {{11}},
Unique-ID = {{ISI:000261574900011}},
}

@article{ ISI:000261118900001,
Author = {Kimmins, J. P.},
Title = {{From science to stewardship: Harnessing forest ecology in the service of
   society}},
Journal = {{FOREST ECOLOGY AND MANAGEMENT}},
Year = {{2008}},
Volume = {{256}},
Number = {{10, SI}},
Pages = {{1625-1635}},
Month = {{NOV 10}},
DOI = {{10.1016/j.foreco.2008.02.057}},
ISSN = {{0378-1127}},
Times-Cited = {{12}},
Unique-ID = {{ISI:000261118900001}},
}

@article{ ISI:000260939200012,
Author = {Branquart, Etienne and Verheyen, Kris and Latham, James},
Title = {{Selection criteria of protected forest areas in Europe: The theory and
   the real world}},
Journal = {{BIOLOGICAL CONSERVATION}},
Year = {{2008}},
Volume = {{141}},
Number = {{11}},
Pages = {{2795-2806}},
Month = {{NOV}},
DOI = {{10.1016/j.biocon.2008.08.015}},
ISSN = {{0006-3207}},
Times-Cited = {{12}},
Unique-ID = {{ISI:000260939200012}},
}

@article{ ISI:000258085400011,
Author = {Roberge, Jean-Michel and Mikusinski, Grzegorz and Svensson, Soeren},
Title = {{The white-backed woodpecker: umbrella species for forest conservation
   planning?}},
Journal = {{BIODIVERSITY AND CONSERVATION}},
Year = {{2008}},
Volume = {{17}},
Number = {{10}},
Pages = {{2479-2494}},
Month = {{SEP}},
DOI = {{10.1007/s10531-008-9394-4}},
ISSN = {{0960-3115}},
ResearcherID-Numbers = {{Roberge, Jean-Michel/C-2953-2008}},
ORCID-Numbers = {{Roberge, Jean-Michel/0000-0003-4149-5137}},
Times-Cited = {{15}},
Unique-ID = {{ISI:000258085400011}},
}

@article{ ISI:000260027100014,
Author = {Franc, Niklas and Gotmark, Frank},
Title = {{Openness in management: Hands-off vs partial cutting in conservation
   forests, and the response of beetles}},
Journal = {{BIOLOGICAL CONSERVATION}},
Year = {{2008}},
Volume = {{141}},
Number = {{9}},
Pages = {{2310-2321}},
Month = {{SEP}},
DOI = {{10.1016/j.biocon.2008.06.023}},
ISSN = {{0006-3207}},
Times-Cited = {{15}},
Unique-ID = {{ISI:000260027100014}},
}

@article{ ISI:000257625100015,
Author = {Van Wilgenburg, Steven L. and Hobson, Keith A.},
Title = {{Landscape-scale disturbance and boreal forest birds: Can large
   single-pass harvest approximate fires?}},
Journal = {{FOREST ECOLOGY AND MANAGEMENT}},
Year = {{2008}},
Volume = {{256}},
Number = {{1-2}},
Pages = {{136-146}},
Month = {{JUL 10}},
DOI = {{10.1016/j.foreco.2008.04.017}},
ISSN = {{0378-1127}},
Times-Cited = {{6}},
Unique-ID = {{ISI:000257625100015}},
}

@article{ ISI:000256119600007,
Author = {Mathey, Anne-Helene and Krcmar, Emina and Innes, John and Vertinsky,
   Ilan},
Title = {{Opportunities and costs of intensification and clustering of forest
   management activities}},
Journal = {{CANADIAN JOURNAL OF FOREST RESEARCH-REVUE CANADIENNE DE RECHERCHE
   FORESTIERE}},
Year = {{2008}},
Volume = {{38}},
Number = {{4}},
Pages = {{711-720}},
Month = {{APR}},
DOI = {{10.1139/X07-197}},
ISSN = {{0045-5067}},
ResearcherID-Numbers = {{Innes, John/E-4355-2013}},
Times-Cited = {{3}},
Unique-ID = {{ISI:000256119600007}},
}
